<record><leader>00000cas a22000007a 4500</leader><controlfield tag="001">32834123</controlfield><controlfield tag="008">950718d18911921vauwr ne      0   a0eng c</controlfield><datafield ind1=" " ind2=" " tag="010"><subfield code="a">sn 95079220 </subfield><subfield code="z">sn 95000079 </subfield></datafield><datafield ind1=" " ind2=" " tag="040"><subfield code="a">NVK</subfield><subfield code="b">eng</subfield><subfield code="c">NVK</subfield><subfield code="d">DLC</subfield><subfield code="d">NVK</subfield><subfield code="d">DLC</subfield><subfield code="d">OCLCQ</subfield><subfield code="d">NVK</subfield><subfield code="d">OCLCF</subfield></datafield><datafield ind1=" " ind2=" " tag="019"><subfield code="a">995243657</subfield></datafield><datafield ind1="1" ind2=" " tag="022"><subfield code="a">1946-6013</subfield><subfield code="l">1946-6013</subfield><subfield code="2">1</subfield></datafield><datafield ind1="1" ind2=" " tag="029"><subfield code="a">AU@</subfield><subfield code="b">000011997297</subfield></datafield><datafield ind1=" " ind2=" " tag="042"><subfield code="a">pcc</subfield><subfield code="a">nsdp</subfield></datafield><datafield ind1="0" ind2="0" tag="050"><subfield code="a">Newspaper</subfield></datafield><datafield ind1="0" ind2=" " tag="130"><subfield code="a">Virginia citizen (Irvington, Va.)</subfield></datafield><datafield ind1=" " ind2="0" tag="222"><subfield code="a">Virginia citizen</subfield><subfield code="b">(Irvington, Va.)</subfield></datafield><datafield ind1="1" ind2="0" tag="245"><subfield code="a">Virginia citizen.</subfield></datafield><datafield ind1=" " ind2=" " tag="260"><subfield code="a">Irvington, Va. :</subfield><subfield code="b">J.D. Berry,</subfield><subfield code="c">1891-1917.</subfield></datafield><datafield ind1=" " ind2=" " tag="300"><subfield code="a">v.</subfield></datafield><datafield ind1=" " ind2=" " tag="310"><subfield code="a">Weekly</subfield></datafield><datafield ind1="0" ind2=" " tag="362"><subfield code="a">Vol. 1, no. 1 (Oct. 9, 1891)-</subfield></datafield><datafield ind1="1" ind2=" " tag="362"><subfield code="a">Ceased in 1921. Cf. Cappon.</subfield></datafield><datafield ind1=" " ind2=" " tag="500"><subfield code="a">Editor: J.D. Berry, &lt;1891&gt;; W. McDonald Lee, &lt;1893&gt;.</subfield></datafield><datafield ind1=" " ind2=" " tag="530"><subfield code="a">Archived issues are available in digital format as part of the Library of Congress Chronicling America online collection.</subfield></datafield><datafield ind1=" " ind2="0" tag="651"><subfield code="a">Irvington (Va.)</subfield><subfield code="v">Newspapers.</subfield></datafield><datafield ind1=" " ind2="7" tag="655"><subfield code="a">Newspapers.</subfield><subfield code="2">fast</subfield><subfield code="0">(OCoLC)fst01423814</subfield></datafield><datafield ind1=" " ind2="7" tag="651"><subfield code="a">Virginia</subfield><subfield code="z">Irvington.</subfield><subfield code="2">fast</subfield><subfield code="0">(OCoLC)fst01208981</subfield></datafield><datafield ind1=" " ind2=" " tag="752"><subfield code="a">United States</subfield><subfield code="b">Virginia</subfield><subfield code="c">Lancaster</subfield><subfield code="d">Irvington.</subfield></datafield><datafield ind1="4" ind2="1" tag="856"><subfield code="u">http://www.loc.gov/chroniclingamerica/lccn/sn95079220/issues</subfield></datafield><datafield ind1="4" ind2="1" tag="856"><subfield code="u">http://www.virginiachronicle.com/</subfield></datafield><datafield ind1=" " ind2=" " tag="936"><subfield code="a">Vol. 28, no. 3 (Nov. 22, 1918) LIC</subfield></datafield></record>